@article{WeintropBeheshtiHorn2020},
	doi = {10.1007/s10956-015-9581-5},
	url = {https://doi.org/10.1007/s10956-015-9581-5},
	year = 2016,
	month = {},
	publisher = {springer},
	volume = {25},
	number = {1},
	pages = {127â€“147},
	author = {Weintrop, D., Beheshti, E., Horn, M. et al},
	title = {Defining Computational Thinking for Mathematics and Science Classrooms.},
	journal = {J Sci Educ Technol}
}
